<?xml version="1.0" encoding="UTF-8"?><collection xmlns="http://www.loc.gov/MARC21/slim"><record><leader>00409nam--2200157-i-4500</leader><controlfield tag="001">000009984</controlfield><controlfield tag="002">20161230</controlfield><controlfield tag="005">20170114002952</controlfield><controlfield tag="008">060222s1000------------r-----000-0-eng-d</controlfield><datafield ind1=" " ind2=" " tag="080"><subfield code="a">681.3.06</subfield></datafield><datafield ind1=" " ind2=" " tag="100"><subfield code="a">Cadete, Maria Odete Rodriques</subfield></datafield><datafield ind1=" " ind2=" " tag="245"><subfield code="a">A linguagem Fortran IV</subfield></datafield><datafield ind1=" " ind2=" " tag="260"><subfield code="a">Oeiras</subfield><subfield code="b">Instituto Gulbenkian De Ciencia</subfield><subfield code="c">1971</subfield></datafield><datafield ind1=" " ind2=" " tag="300"><subfield code="a">VII + 176 p</subfield></datafield><datafield ind1=" " ind2=" " tag="852"><subfield code="a">36170</subfield></datafield><datafield ind1=" " ind2=" " tag="CAT"><subfield code="a">SYS</subfield><subfield code="c">20170114</subfield><subfield code="h">002952</subfield></datafield></record></collection>